@CONFERENCE{Rigby2013RELENG,
	AUTHOR = {P.C.Rigby, E.T.Barr, C. Bird},
	TITLE = {What effect does distributed version control have on oss project organization?},
	BOOKTITLE = {Proceedings of the In International Workshop on Release Engineering 2013},
	YEAR = {2013}
}
@MISC{chromeVersionNumber,
	AUTHOR = {Google Sites},
	TITLE = {The Chromium Projects - Version Numbers},
	howpublished = {http://www.chromium.org/developers/version-numbers}
}
@INPROCEEDINGS{Mantyla2013ICSM,
	AUTHOR = {Mika V. Mantyla, Foutse Khomh, Bram Adams},
	TITLE = {On Rapid Releases and Software Testing},
	BOOKTITLE = {Proceedings of the 29th International Conference on Software Maintenance (ICSM)},
	PAGES = {20-29},
	MONTH = {September},
	YEAR = {2013},
	ADDRESS = {Eindhoven, Netherlands},
	PUBLISHER = {IEEE},
	doi = {http://dx.doi.org/10.1109/ICSM.2013.13},
	issn = {1063-6773},
	location = {Eindhoven, Netherlands}
}
@CONFERENCE{Mockus2000ICSE,
	AUTHOR = {A. Mockus, R.T. Fielding, J. Herbsleb},
	TITLE = {A case study of open source software development: the Apache server},
	BOOKTITLE = {Proceedings of the 2000 International Conference on Software Engineering, 2000.},
	PAGES = {263-272},
	MONTH = "June",
	YEAR = {2000},
	doi = {http://dx.doi.org/10.1109/ICSE.2000.870417},
	isbn = {1-58113-206-9},
	issn = {0270-5257},
	location = {Limerick, Ireland}
}
